<?xml version="1.0" encoding="UTF-8"?>
<collection><record><leader>02831cam#a2200673#cb4500</leader><controlfield tag="005">20210409141003.0</controlfield><controlfield tag="007">tu</controlfield><controlfield tag="008">170103|2016####gw#######m####|||#|#ger#c</controlfield><controlfield tag="003">DE-605</controlfield><controlfield tag="001">990214600110206441</controlfield><datafield tag="015" ind1=" " ind2=" "><subfield code="a">16,A33</subfield><subfield code="a">16,H09</subfield><subfield code="z">16,N08</subfield><subfield code="2">dnb</subfield></datafield><datafield tag="016" ind1="7" ind2=" "><subfield code="a">960405701</subfield><subfield code="2">OCoLC</subfield></datafield><datafield tag="016" ind1="7" ind2=" "><subfield code="a">1082767409</subfield><subfield code="2">DE-101b</subfield></datafield><datafield tag="020" ind1=" " ind2=" "><subfield code="a">9783110478679</subfield><subfield code="c">Festeinband : EUR 30.30 (AT), EUR 29.95 (DE), GBP 22.99 (GB) (freier Preis)</subfield><subfield code="9">978-3-11-047867-9</subfield><subfield code="0">(uri) http://www.isbnsearch.org/isbn/9783110478679</subfield></datafield><datafield tag="035" ind1=" " ind2=" "><subfield code="a">(DE-605)HT019197661</subfield></datafield><datafield tag="040" ind1=" " ind2=" "><subfield code="a">6/A</subfield><subfield code="b">ger</subfield><subfield code="c">DNB</subfield><subfield code="d">6/A</subfield><subfield code="e">rda</subfield></datafield><datafield tag="041" ind1=" " ind2=" "><subfield code="a">ger</subfield></datafield><datafield tag="044" ind1=" " ind2=" "><subfield code="c">XA-DE-BE</subfield></datafield><datafield tag="082" ind1="0" ind2="4"><subfield code="a">333.79413082</subfield><subfield code="2">DDC22ger</subfield></datafield><datafield tag="084" ind1=" " ind2=" "><subfield code="a">333.7</subfield><subfield code="a">300</subfield><subfield code="q">DE-101</subfield><subfield code="2">sdnb</subfield></datafield><datafield tag="089" ind1="0" ind2="4"><subfield code="a">333.79413082</subfield><subfield code="c">333.794</subfield><subfield code="e">DDC22ger</subfield><subfield code="f">082</subfield></datafield><datafield tag="100" ind1="1" ind2=" "><subfield code="a">Offenberger, Ursula</subfield><subfield code="0">(DE-588)1113302925</subfield><subfield code="4">aut</subfield><subfield code="0">(uri) https://portal.dnb.de/opac.htm?method=simpleSearch&amp;cqlMode=true&amp;query=idn=1113302925</subfield><subfield code="0">(uri) http://viaf.org/viaf/sourceID/DNB|1113302925</subfield></datafield><datafield tag="240" ind1="1" ind2="0"><subfield code="a">Pragmatistische Improvisation</subfield></datafield><datafield tag="245" ind1="1" ind2="0"><subfield code="a">Geschlecht und Gemütlichkeit</subfield><subfield code="b">Paarentscheidungen über das beheizte Zuhause</subfield><subfield code="c">Ursula Offenberger</subfield></datafield><datafield tag="264" ind1=" " ind2="1"><subfield code="a">Berlin</subfield><subfield code="b">De Gruyter Oldenbourg</subfield><subfield code="c">[2016]</subfield></datafield><datafield tag="264" ind1=" " ind2="4"><subfield code="c">© 2016</subfield></datafield><datafield tag="300" ind1=" " ind2=" "><subfield code="a">VI, 157 Seiten</subfield><subfield code="b">Illustrationen, Diagramme</subfield></datafield><datafield tag="336" ind1=" " ind2=" "><subfield code="b">txt</subfield></datafield><datafield tag="337" ind1=" " ind2=" "><subfield code="b">n</subfield></datafield><datafield tag="338" ind1=" " ind2=" "><subfield code="b">nc</subfield></datafield><datafield tag="490" ind1="1" ind2=" "><subfield code="a">Qualitative Soziologie</subfield><subfield code="v">Band 21</subfield></datafield><datafield tag="502" ind1=" " ind2=" "><subfield code="b">Dissertation</subfield><subfield code="c">Eberhard Karls Universität Tübingen</subfield><subfield code="d">2013</subfield></datafield><datafield tag="653" ind1=" " ind2=" "><subfield code="a">Gender and Technology Studies</subfield></datafield><datafield tag="653" ind1=" " ind2=" "><subfield code="a">Grounded Theory/ Situationsanalyse</subfield></datafield><datafield tag="653" ind1=" " ind2=" "><subfield code="a">Paarsoziologie</subfield></datafield><datafield tag="653" ind1=" " ind2=" "><subfield code="a">Pragmatismus/Symbolischer Interaktionismus</subfield></datafield><datafield tag="653" ind1=" " ind2=" "><subfield code="a">Wärmeenergiekonsum in Haushalten</subfield></datafield><datafield tag="653" ind1=" " ind2=" "><subfield code="a">PR: Library title</subfield></datafield><datafield tag="655" ind1=" " ind2="7"><subfield code="a">Hochschulschrift</subfield><subfield code="0">(DE-588)4113937-9</subfield><subfield code="2">gnd-content</subfield></datafield><datafield tag="689" ind1="0" ind2="0"><subfield code="a">Eigenheim</subfield><subfield code="D">s</subfield><subfield code="0">(DE-588)4013770-3</subfield><subfield code="0">(uri) https://portal.dnb.de/opac.htm?method=simpleSearch&amp;cqlMode=true&amp;query=idn=040137708</subfield><subfield code="0">(uri) http://viaf.org/viaf/sourceID/DNB|040137708</subfield></datafield><datafield tag="689" ind1="0" ind2="1"><subfield code="a">Heizung</subfield><subfield code="D">s</subfield><subfield code="0">(DE-588)4024271-7</subfield><subfield code="0">(uri) https://portal.dnb.de/opac.htm?method=simpleSearch&amp;cqlMode=true&amp;query=idn=040242714</subfield><subfield code="0">(uri) http://viaf.org/viaf/sourceID/DNB|040242714</subfield></datafield><datafield tag="689" ind1="0" ind2="2"><subfield code="a">Erneuerbare Energien</subfield><subfield code="D">s</subfield><subfield code="0">(DE-588)4068598-6</subfield><subfield code="0">(uri) https://portal.dnb.de/opac.htm?method=simpleSearch&amp;cqlMode=true&amp;query=idn=040685985</subfield><subfield code="0">(uri) http://viaf.org/viaf/sourceID/DNB|040685985</subfield></datafield><datafield tag="689" ind1="0" ind2="3"><subfield code="a">Ehepaar</subfield><subfield code="D">s</subfield><subfield code="0">(DE-588)4124813-2</subfield><subfield code="0">(uri) https://portal.dnb.de/opac.htm?method=simpleSearch&amp;cqlMode=true&amp;query=idn=041248139</subfield><subfield code="0">(uri) http://viaf.org/viaf/sourceID/DNB|041248139</subfield></datafield><datafield tag="689" ind1="0" ind2="4"><subfield code="a">Motivation</subfield><subfield code="D">s</subfield><subfield code="0">(DE-588)4040364-6</subfield><subfield code="0">(uri) https://portal.dnb.de/opac.htm?method=simpleSearch&amp;cqlMode=true&amp;query=idn=040403645</subfield><subfield code="0">(uri) http://viaf.org/viaf/sourceID/DNB|040403645</subfield></datafield><datafield tag="689" ind1="0" ind2="5"><subfield code="a">Geschlechtsunterschied</subfield><subfield code="D">s</subfield><subfield code="0">(DE-588)4071781-1</subfield><subfield code="0">(uri) https://portal.dnb.de/opac.htm?method=simpleSearch&amp;cqlMode=true&amp;query=idn=04071781X</subfield><subfield code="0">(uri) http://viaf.org/viaf/sourceID/DNB|04071781X</subfield></datafield><datafield tag="689" ind1="0" ind2="6"><subfield code="a">Konsumsoziologie</subfield><subfield code="D">s</subfield><subfield code="0">(DE-588)7704263-3</subfield><subfield code="0">(uri) https://portal.dnb.de/opac.htm?method=simpleSearch&amp;cqlMode=true&amp;query=idn=1003286348</subfield><subfield code="0">(uri) http://viaf.org/viaf/sourceID/DNB|1003286348</subfield></datafield><datafield tag="710" ind1="2" ind2=" "><subfield code="a">Eberhard Karls Universität Tübingen</subfield><subfield code="0">(DE-588)36187-2</subfield><subfield code="4">dgg</subfield><subfield code="0">(uri) https://portal.dnb.de/opac.htm?method=simpleSearch&amp;cqlMode=true&amp;query=idn=000361879</subfield><subfield code="0">(uri) http://viaf.org/viaf/sourceID/DNB|000361879</subfield></datafield><datafield tag="710" ind1="2" ind2=" "><subfield code="a">De Gruyter Oldenbourg</subfield><subfield code="0">(DE-588)1065492103</subfield><subfield code="4">pbl</subfield><subfield code="0">(uri) https://portal.dnb.de/opac.htm?method=simpleSearch&amp;cqlMode=true&amp;query=idn=1065492103</subfield><subfield code="0">(uri) http://viaf.org/viaf/sourceID/DNB|1065492103</subfield></datafield><datafield tag="751" ind1=" " ind2=" "><subfield code="a">Tübingen</subfield><subfield code="0">(DE-588)4061147-4</subfield><subfield code="4">uvp</subfield><subfield code="0">(uri) https://portal.dnb.de/opac.htm?method=simpleSearch&amp;cqlMode=true&amp;query=idn=040611477</subfield><subfield code="0">(uri) http://viaf.org/viaf/sourceID/DNB|040611477</subfield></datafield><datafield tag="776" ind1="0" ind2="8"><subfield code="i">Erscheint auch als</subfield><subfield code="n">Online-Ausgabe</subfield><subfield code="t">Offenberger: Geschlecht und Gemütlichkeit</subfield></datafield><datafield tag="776" ind1="0" ind2="8"><subfield code="i">Erscheint auch als</subfield><subfield code="n">Online-Ausgabe, PDF</subfield><subfield code="z">9783110483727</subfield><subfield code="w">(DE-605)HT019080620</subfield><subfield code="9">978-3-11-048372-7</subfield></datafield><datafield tag="776" ind1="0" ind2="8"><subfield code="i">Erscheint auch als</subfield><subfield code="n">Online-Ausgabe, EPUB</subfield><subfield code="z">9783110481310</subfield><subfield code="w">(DE-605)HT019080620</subfield><subfield code="9">978-3-11-048131-0</subfield></datafield><datafield tag="830" ind1=" " ind2="0"><subfield code="a">Qualitative Soziologie</subfield><subfield code="w">(DE-605)HT012943610</subfield><subfield code="v">21</subfield><subfield code="9">O:1</subfield></datafield><datafield tag="856" ind1="4" ind2="2"><subfield code="m">B:DE-101</subfield><subfield code="q">application/pdf</subfield><subfield code="u">http://digitale-objekte.hbz-nrw.de/storage2/2017/03/25/file_32/7157505.pdf</subfield><subfield code="3">Inhaltsverzeichnis</subfield><subfield code="9">O:PKN</subfield></datafield><datafield tag="964" ind1="0" ind2="s"><subfield code="F">030</subfield><subfield code="A">a||dr||||||17</subfield></datafield><datafield tag="964" ind1="0" ind2="s"><subfield code="F">050</subfield><subfield code="A">a|a|||||||||||</subfield></datafield><datafield tag="964" ind1="0" ind2="s"><subfield code="F">051</subfield><subfield code="A">sy||||||</subfield></datafield><datafield tag="035" ind1=" " ind2=" "><subfield code="a">(OCoLC)960405701</subfield><subfield code="0">(uri) http://www.worldcat.org/oclc/960405701</subfield></datafield><datafield tag="035" ind1=" " ind2=" "><subfield code="a">(DE-599)DNB1082767409</subfield></datafield><datafield tag="MBD" ind1=" " ind2=" "><subfield code="M">49HBZ_NETWORK</subfield><subfield code="i">990214600110206441</subfield><subfield code="n">HBZ Network</subfield></datafield><datafield tag="MBD" ind1=" " ind2=" "><subfield code="M">49HBZ_ULM</subfield><subfield code="i">991019232729706449</subfield><subfield code="n">Universität Münster</subfield></datafield><datafield tag="020" ind1=" " ind2=" "><subfield code="a">9783110478679</subfield><subfield code="c">Festeinband : EUR 30.30 (AT), EUR 29.95 (DE), GBP 22.99 (GB) (freier Preis)</subfield><subfield code="9">978-3-11-047867-9</subfield><subfield code="M">49HBZ_ULM</subfield></datafield><datafield tag="776" ind1="0" ind2="8"><subfield code="i">Erscheint auch als</subfield><subfield code="n">Online-Ausgabe, PDF</subfield><subfield code="z">9783110483727</subfield><subfield code="w">(DE-605)HT019080620</subfield><subfield code="9">978-3-11-048372-7</subfield><subfield code="M">49HBZ_ULM</subfield></datafield><datafield tag="776" ind1="0" ind2="8"><subfield code="i">Erscheint auch als</subfield><subfield code="n">Online-Ausgabe, EPUB</subfield><subfield code="z">9783110481310</subfield><subfield code="w">(DE-605)HT019080620</subfield><subfield code="9">978-3-11-048131-0</subfield><subfield code="M">49HBZ_ULM</subfield></datafield><datafield tag="830" ind1=" " ind2="0"><subfield code="a">Qualitative Soziologie</subfield><subfield code="w">(DE-605)HT012943610</subfield><subfield code="v">21</subfield><subfield code="9">O:1</subfield><subfield code="M">49HBZ_ULM</subfield></datafield><datafield tag="856" ind1="4" ind2="2"><subfield code="m">B:DE-101</subfield><subfield code="q">application/pdf</subfield><subfield code="u">http://digitale-objekte.hbz-nrw.de/storage2/2017/03/25/file_32/7157505.pdf</subfield><subfield code="3">Inhaltsverzeichnis</subfield><subfield code="9">O:PKN</subfield><subfield code="M">49HBZ_ULM</subfield></datafield><datafield tag="980" ind1="1" ind2="2"><subfield code="e">HBZ</subfield><subfield code="9">LOCAL</subfield><subfield code="M">49HBZ_ULM</subfield></datafield><datafield tag="981" ind1=" " ind2=" "><subfield code="a">(DE-6)5688831</subfield><subfield code="9">LOCAL</subfield><subfield code="M">49HBZ_ULM</subfield></datafield><datafield tag="983" ind1=" " ind2=" "><subfield code="b">6</subfield><subfield code="2">dbs_loc</subfield><subfield code="9">LOCAL</subfield><subfield code="M">49HBZ_ULM</subfield></datafield><datafield tag="MNG" ind1=" " ind2=" "><subfield code="c">System</subfield><subfield code="f">ILS</subfield><subfield code="i">marc21</subfield><subfield code="k">01</subfield><subfield code="e">false</subfield><subfield code="d">2022-09-01 04:26:05 Europe/Berlin</subfield><subfield code="g">021460011-HBZ01</subfield><subfield code="j">60</subfield><subfield code="a">import</subfield><subfield code="b">2021-04-05 08:41:45 Europe/Berlin</subfield></datafield><datafield tag="H52" ind1="8" ind2=" "><subfield code="b">SOZ</subfield><subfield code="c">SOZ_MAG</subfield><subfield code="h">MS 3070/4</subfield><subfield code="8">22540798190006449</subfield></datafield><datafield tag="HOL" ind1=" " ind2=" "><subfield code="b">2022-07-11 10:32:17</subfield><subfield code="8">22540798190006449</subfield><subfield code="M">49HBZ_ULM</subfield><subfield code="g">false</subfield><subfield code="a">import</subfield></datafield><datafield tag="ITM" ind1=" " ind2=" "><subfield code="H">22540798190006449</subfield><subfield code="x">SOZ_MAG</subfield><subfield code="f">BOOK</subfield><subfield code="v">SOZ_MAG</subfield><subfield code="X">mwinter1</subfield><subfield code="U">2022-07-10 10:59:00</subfield><subfield code="Y">2022-10-06 13:49:07</subfield><subfield code="h">false</subfield><subfield code="Q">SISIS-Ausleihzähler Migrationsjahr: 0 | SISIS-Ausleihzähler Vor-Migrationsjahr: 0 | SISIS-Ausleihzähler vorletztes Migrationsjahr: 0</subfield><subfield code="M">49HBZ_ULM</subfield><subfield code="s">0</subfield><subfield code="d">8</subfield><subfield code="V">import</subfield><subfield code="b">6-00465646-8</subfield><subfield code="O">Fernleihkonditionen: 0</subfield><subfield code="a">23540798180006449</subfield><subfield code="R">DBS-Systematik: 6</subfield><subfield code="c">MS 3070/4</subfield><subfield code="r">LOAN</subfield><subfield code="W">2022-07-11 10:32:17</subfield><subfield code="u">SOZ</subfield><subfield code="w">SOZ</subfield></datafield></record></collection>
